%% This BibTeX bibliography file was created using BibDesk.
%% http://bibdesk.sourceforge.net/

%% Created for Jakob Borg at 2019-09-28 20:05:39 +0200 


%% Saved with string encoding Unicode (UTF-8) 



@book{STK1100_boka,
	Author = {Jay L. Devore and Kenneth N Berk},
	Date-Added = {2019-09-28 19:58:08 +0200},
	Date-Modified = {2019-09-28 20:04:41 +0200},
	Edition = {Second Edition},
	Publisher = {Springer},
	Title = {Modern Mathematical Statistics with Applications},
	Year = {2012}}

@article{penrose_1956, title={On best approximate solutions of linear matrix equations}, volume={52}, DOI={10.1017/S0305004100030929}, number={1}, journal={Mathematical Proceedings of the Cambridge Philosophical Society}, publisher={Cambridge University Press}, author={Penrose, R.}, year={1956}, pages={17â€“19}}


@misc{Franke,
  title = {A Critical Comparison of Some Methods for Interpolation of Scattered Data},
  author = {Franke,, Richard},
  year = {1979},
  URL = {https://calhoun.nps.edu/handle/10945/35052},
  publisher = {Calhoun}
}

@book{ESL,
  added-at = {2008-05-16T16:17:42.000+0200},
  address = {New York, NY, USA},
  author = {Hastie, Trevor and Tibshirani, Robert and Friedman, Jerome},
  biburl = {https://www.bibsonomy.org/bibtex/2f58afc5c9793fcc8ad8389824e57984c/sb3000},
  interhash = {d585aea274f2b9b228fc1629bc273644},
  intrahash = {f58afc5c9793fcc8ad8389824e57984c},
  keywords = {ml statistics},
  publisher = {Springer New York Inc.},
  series = {Springer Series in Statistics},
  timestamp = {2008-05-16T16:17:43.000+0200},
  title = {The Elements of Statistical Learning},
  year = 2001
}

